@misc {website:carbon_trust,
	Author = {Carbon Trust},
	Title	= {Existing buildings},
	howpublished = { \url{http://goo.gl/Utai4}}
}
@misc{website:building_reg,
	Author =  {{Department for Communities, and Local Government}},
	Title	= {Part L of the Building Regulations},
	howpublished = { \url{http://goo.gl/O2Okb}}
	}
@misc{website:mq4,
	Author = {Sparkfun},
	Title	= {Methane CNG Gas Sensor - MQ-4},
	howpublished = { \url{http://www.sparkfun.com/products/9404}}
	}
@misc{website:mq7,
	Author = {Sparkfun},
	Title	= {Carbon Monoxide Sensor - MQ-7},
	howpublished = { \url{http://www.sparkfun.com/products/9403}}
	}
@misc{website:mq7_datasheet,
	Author = {HANWEI, Electronics, Co.},
	Title	= {Technical Data MQ-7 Gas Sensor},
	howpublished = { \url{http://www.sparkfun.com/datasheets/Sensors/Biometric/MQ-7.pdf}}
	}

@misc{website:relay,
	Author = {Sparkfun},
	Title	= {Relay SPDT Sealed},
	howpublished = { \url{http://www.sparkfun.com/products/100}}
	}
@misc{website:arduinopromini,
	Author = {Arduino},
	Title	= {Arduino Pro Mini},
	howpublished = { \url{http://arduino.cc/it/Main/ArduinoBoardProMini}}
	}
@misc{website:xbee,
	Author = {Digi},
	Title	= {XBee-PRO 802.15.4},
	howpublished = { \url{http://goo.gl/YcHh4}}
	}
@misc{website:arduinosoftware,
	Author = {Arduino},
	Title	= {Arduino Development Environment},
	howpublished = { \url{http://arduino.cc/en/Guide/Environment}}
	}
@misc{website:coolterm,
	Author = {Roger Meier},
	Title	= {Roger Meier's Freeware},
	howpublished = { \url{http://freeware.the-meiers.org/}}
}
@misc{website:eagle,
	Author = {CadSoft},
	Title	= {Home of CadSoft EAGLE PCB Design Software},
	howpublished = { \url{http://www.cadsoftusa.com/?language=en}}
}
@misc{website:ventilation,
	Author = {AirMaster},
	Title	= {Fresh air is commonn sense},
	howpublished = { http://goo.gl/2AVsV}
}
@misc{website:pachube,
	Author = {Pachube},
	Title	= {About Us - Pachube},
	howpublished = { \url{https://pachube.com/about_us}}
}
@misc{website:smartdust,
	Author = {Sutter, John D.},
	Title	= {'Smart dust' aims to monitor everything},
	howpublished = { \url{http://goo.gl/KdK7q}}
}
@misc{website:iot,
	Author = {Wikipedia},
	Title	= {Internet of Things},
	howpublished = { \url{http://en.wikipedia.org/wiki/Internet_of_Things}}
}
@conference{iotconference,
    Author    = {Coetzee, L. and Eksteen, J.},
    Title     = {The Internet of Things â€“ Promise for the Future? An Introduction},
    pages    = {1-9},
    year      = {2011},
    month    = {May}
}
@article{smartdust,
	Author = {Bahar, Zillah},
	Title	= { What 'Smart Dust' Could Do for You},
	howpublished = { \url{http://www.nanotech-now.com/smartdust.htm}}
}
@article {ru1_ieee-paper,
	Author = {Georgitzikis Vasileios and Akribopoulos Orestis and Chatzigiannakis Ioannis},
	Title = {Controlling Physical Objects via the Internet using the Arduino platform over 802.15.4 Networks},
	journal = {IEEE Latin America Transactions Journal},
	year = {2012},
	note = {to appear},
}
@misc{website:sunspot,
	Author = {Wikipedia},
	Title	= {Sun SPOT},
	howpublished = { \url{http://en.wikipedia.org/wiki/Sun_SPOT}}
	}
@misc{website:database,
	Author = {Ioannis Chatzigiannakis},
	Title	= {WiseML},
	howpublished = { \url{https://github.com/ichatz/wiseml/wiki}}	}
	
